@inproceedings{shamir1990ip,
  title={IP= PSPACE (interactive proof= polynomial space)},
  author={Shamir, Adi},
  booktitle={Proceedings [1990] 31st Annual Symposium on Foundations of Computer Science},
  pages={11--15},
  year={1990},
  organization={IEEE}
}
@article{baker1975relativizations,
  title={Relativizations of the P=?NP question},
  author={Baker, Theodore and Gill, John and Solovay, Robert},
  journal={SIAM Journal on computing},
  volume={4},
  number={4},
  pages={431--442},
  year={1975},
  publisher={SIAM}
}
@article{razborov1997natural,
  title={Natural proofs},
  author={Razborov, Alexander A and Rudich, Steven},
  journal={Journal of Computer and System Sciences},
  volume={55},
  number={1},
  pages={24--35},
  year={1997},
  publisher={Elsevier}
}
@article{babai1991non,
  title={Non-deterministic exponential time has two-prover interactive protocols},
  author={Babai, L{\'a}szl{\'o} and Fortnow, Lance and Lund, Carsten},
  journal={Computational complexity},
  volume={1},
  number={1},
  pages={3--40},
  year={1991},
  publisher={Springer}
}
@inproceedings{buhrman1998nonrelativizing,
  title={Nonrelativizing separations},
  author={Buhrman, Harry and Fortnow, Lance and Thierauf, Thomas},
  booktitle={Proceedings. Thirteenth Annual IEEE Conference on Computational Complexity (Formerly: Structure in Complexity Theory Conference)(Cat. No. 98CB36247)},
  pages={8--12},
  year={1998},
  organization={IEEE}
}
@inproceedings{razborov1990distributional,
  title={On the distributional complexity of disjointness},
  author={Razborov, Alexander A},
  booktitle={International Colloquium on Automata, Languages, and Programming},
  pages={249--253},
  year={1990},
  organization={Springer}
}
@article{kalyanasundaram1992probabilistic,
  title={The probabilistic communication complexity of set intersection},
  author={Kalyanasundaram, Bala and Schintger, Georg},
  journal={SIAM Journal on Discrete Mathematics},
  volume={5},
  number={4},
  pages={545--557},
  year={1992},
  publisher={SIAM}
}
@article{goldreich1991proofs,
  title={Proofs that yield nothing but their validity or all languages in NP have zero-knowledge proof systems},
  author={Goldreich, Oded and Micali, Silvio and Wigderson, Avi},
  journal={Journal of the ACM (JACM)},
  volume={38},
  number={3},
  pages={690--728},
  year={1991},
  publisher={ACM}
}
@article{vinodchandran2005note,
  title={A note on the circuit complexity of PP},
  author={Vinodchandran, NV},
  journal={Theoretical Computer Science},
  volume={347},
  number={1-2},
  pages={415--418},
  year={2005},
  publisher={Elsevier}
}